<record><leader>00000cas a22000007a 4500</leader><controlfield tag="001">13640376</controlfield><controlfield tag="008">860523d19501970njuwr ne      0    0eng d</controlfield><datafield ind1=" " ind2=" " tag="010"><subfield code="a">sn 86077169 </subfield></datafield><datafield ind1=" " ind2=" " tag="040"><subfield code="a">NPA</subfield><subfield code="b">eng</subfield><subfield code="c">NPA</subfield><subfield code="d">NJW</subfield><subfield code="d">OCLCQ</subfield></datafield><datafield ind1=" " ind2=" " tag="042"><subfield code="a">msc</subfield></datafield><datafield ind1="0" ind2=" " tag="130"><subfield code="a">Sentinel (Milltown, N.J.)</subfield></datafield><datafield ind1="1" ind2="4" tag="245"><subfield code="a">The sentinel.</subfield></datafield><datafield ind1=" " ind2=" " tag="260"><subfield code="a">Milltown, N.J. :</subfield><subfield code="b">The Sentinel,</subfield><subfield code="c">1950-1970.</subfield></datafield><datafield ind1=" " ind2=" " tag="300"><subfield code="a">v. :</subfield><subfield code="b">ill.</subfield></datafield><datafield ind1=" " ind2=" " tag="310"><subfield code="a">Weekly</subfield></datafield><datafield ind1="0" ind2=" " tag="362"><subfield code="a">Vol. 24, no. 32 (Jan. 4, 1950)-v. 45, [no.] 4 (Jan. 28, 1970); v. 21, [no.] 5 (Feb. 4, 1970)-v. 21, [no.] 52 (Dec. 9, 1970).</subfield></datafield><datafield ind1=" " ind2=" " tag="500"><subfield code="a">"Serving Milltown, East Brunswick, North Brunswick", Jan. 4, 1950-Feb. 7, 1963; "Covering Milltown and North Brunswick", Feb. 14, 1963-Dec. 9, 1970.</subfield></datafield><datafield ind1=" " ind2=" " tag="500"><subfield code="a">Published in East Brunswick, N.J., Feb. 24, 1965-Dec. 9, 1970.</subfield></datafield><datafield ind1=" " ind2=" " tag="500"><subfield code="a">Published by Sentinel Pub. Co., Apr. 20, 1950-Dec. 9, 1970.</subfield></datafield><datafield ind1=" " ind2=" " tag="515"><subfield code="a">Numbering irregularities; with the issue for Feb. 4, 1970, volume numbering changes from v. 45 to v. 21.</subfield></datafield><datafield ind1=" " ind2=" " tag="530"><subfield code="a">Also issued on mirofilm by Rutgers University Libraries.</subfield></datafield><datafield ind1=" " ind2=" " tag="752"><subfield code="a">United States</subfield><subfield code="b">New Jersey</subfield><subfield code="c">Middlesex</subfield><subfield code="d">Milltown.</subfield></datafield><datafield ind1=" " ind2=" " tag="752"><subfield code="a">United States</subfield><subfield code="b">New Jersey</subfield><subfield code="c">Middlesex</subfield><subfield code="d">North Brunswick.</subfield></datafield><datafield ind1=" " ind2=" " tag="752"><subfield code="a">United States</subfield><subfield code="b">New Jersey</subfield><subfield code="c">Middlesex</subfield><subfield code="d">East Brunswick.</subfield></datafield><datafield ind1="0" ind2="0" tag="780"><subfield code="t">Milltown review, consolidated with the sentinel</subfield><subfield code="w">(DLC)sn 86077168</subfield><subfield code="w">(OCoLC)13640360</subfield></datafield><datafield ind1="0" ind2="0" tag="785"><subfield code="t">Milltown and North Brunswick sentinel</subfield><subfield code="w">(DLC)sn 86077166</subfield><subfield code="w">(OCoLC)13640386</subfield></datafield></record>